@inproceedings{origin,
  author    = {trswnca},
  title     = {TRSWNCA TJU Beamer Theme},
  year      = {2021},
  url       = {https://github.com/TRSWNCA/oi-data-structure},
}
